@article
{OptimalPos,
author={Nilsson, Ulrik AND Ögren, Petter AND Thunberg, Johan},
title={Optimal Positioning of Surveillance UGVs},
}

@article
{CoopMinTime,
author={Anisi, David A. AND Ögren, Petter AND Hu, Xiaoming},
title={Cooperative Minimum Time Surveillance With Multiple Ground Vehicules},
year=2010,
}

@article
{approxMinProb,
author={Lund, Carsten A. AND Yannakakis, Mihalis},
title={On the Hardness of Approximating Minimization Problems},
year=1994,
}

@article
{multiSearchSecure,
author={Katsilieris, Fotios AND Lindhé, Magnus AND Dimarogonas, Dimos V. AND Ögren, Petter AND Johansson, Karl H.},
title={Demonstration of Multi-Robot Search and Secure},
year=2010,
}